% Encoding: UTF-8

@Book{keben,
  title     = {物理化学实验（第四版）},
  publisher = {北京大学出版社},
  year      = {2002},
  author    = {北京大学化学学院物理化学实验教学组},
}

@book{fenxi,
	title={分析化学教程},
	author={李克安},
	publisher={北京大学出版社},
	year={2005},
}

@Misc{sceold,
  title        = {不同温度下饱和甘汞电极的电位},
  howpublished = {\url{https://wenku.baidu.com/view/38ca7d11f18583d0496459f8.html}},
}

@Book{Lange,
  title     = {兰氏化学手册（第2版，原书第15版）},
  publisher = {科学出版社},
  year      = {2003},
  author    = {Dean,J.A.},
  edition   = {2},
}

@Book{crc,
  title     = {CRC Handbook of Chemistry and Physics CD-ROM, Version 2010},
  publisher = {CRC Press},
  year      = {2010},
  author    = {Lide, David R.},
}

@Unpublished{fxsy,
  author = {北京大学化学基础实验教学中心定量分析化学实验教学组},
  title  = {样品测试数据处理示例},
  year   = {2016年2月},
}

@Unpublished{rongjiao,
  author = {阎云},
  title  = {Fe(OH)3溶胶的制备、纯化及电泳法测定电动电势（补充讲义）},
  year   = {2012年9月},
}

@Article{whu,
  author  = {王聪玲{, }楼台芳},
  title   = {电极反应产物对Fe(OH)3胶体电泳实验的影响},
  journal = {高校实验室工作研究},
  year    = {2002},
  volume  = {3},
  pages   = {7-9},
}

@Book{fxc,
  title     = {物理化学（第五版）},
  publisher = {高等教育出版社},
  year      = {2005},
  author    = {傅献彩{, }沈文霞{, }姚天扬{, }侯文华},
}

@Book{shixin,
  title     = {实验心理学（第四版）},
  publisher = {北京大学出版社},
  year      = {2016},
  author    = {朱滢},
}

@Unpublished{shuomingshu,
  author = {北京大学化学基础实验教学中心},
  title  = {《物理化学实验》实验用仪器说明书汇编},
  year   = {2010},
}

@Article{crz1999,
  author  = {陈瑞战{, }高宏伟{, }王晓菊},
  title   = {酸催化蔗糖水解反应机理的研究},
  journal = {长春师范大学学报},
  year    = {1999},
  number  = {5},
  pages   = {19-21},
}

@Book{huagong,
  title     = {化学工程基础},
  publisher = {北京大学出版社},
  year      = {2002},
  author    = {温瑞媛{, }严世强{, }江洪{, }翟茂林},
}

@Book{xintong,
  title     = {心理与行为科学统计},
  publisher = {北京大学出版社},
  year      = {2005},
  author    = {甘怡群{, }张轶文{, }邹玲},
}

@Book{crc2014,
  title     = {CRC Handbook of Chemistry and Physics},
  publisher = {CRC Press},
  year      = {2014},
  author    = {Lide, David R.},
  edition   = {95},
}

@Article{jisuanhuaxue,
  author  = {孙宏伟},
  title   = {第六章 计算化学},
  journal = {南开大学量子化学（伯苓班）课程电子课件},
  url     = {http://struchem.nankai.edu.cn/qm/QC-Chap6.pdf},
}

@Comment{jabref-meta: databaseType:bibtex;}
